<record><leader>00000cas a22000007a 4500</leader><controlfield tag="001">29747542</controlfield><controlfield tag="008">940204d197619uuncumr ne      0    0eng d</controlfield><datafield ind1=" " ind2=" " tag="010"><subfield code="a">sn 94058201 </subfield></datafield><datafield ind1=" " ind2=" " tag="040"><subfield code="a">NVJ</subfield><subfield code="b">eng</subfield><subfield code="c">NVJ</subfield><subfield code="d">OCLCQ</subfield></datafield><datafield ind1=" " ind2=" " tag="042"><subfield code="a">msc</subfield></datafield><datafield ind1="0" ind2="4" tag="245"><subfield code="a">The Cleveland historian.</subfield></datafield><datafield ind1="1" ind2="3" tag="246"><subfield code="a">Cleveland historian-compass,</subfield><subfield code="f">Aug. 25, 1976-</subfield></datafield><datafield ind1=" " ind2=" " tag="260"><subfield code="a">Shelby, N.C. :</subfield><subfield code="b">Prestige Pub. Co.</subfield></datafield><datafield ind1=" " ind2=" " tag="300"><subfield code="a">v.</subfield></datafield><datafield ind1=" " ind2=" " tag="310"><subfield code="a">Weekly,</subfield><subfield code="b">Aug. 25, 1976-</subfield></datafield><datafield ind1=" " ind2=" " tag="321"><subfield code="a">Monthly,</subfield><subfield code="b">Apr. 14, 1976-Aug. 11, 1976</subfield></datafield><datafield ind1="0" ind2=" " tag="362"><subfield code="a">Vol. 1, no. 1 (Apr. 14, 1976)-</subfield></datafield><datafield ind1=" " ind2=" " tag="752"><subfield code="a">United States</subfield><subfield code="b">North Carolina</subfield><subfield code="c">Cleveland</subfield><subfield code="d">Shelby.</subfield></datafield><datafield ind1="0" ind2=" " tag="775"><subfield code="a">Cleveland compass</subfield><subfield code="w">(DLC)sn 98058839</subfield></datafield></record>